2800 4350
328 249 424 301 108
1027 251 1297 302 HORATI
1342 251 1732 304 SERMONES.
2192 251 2334 316 [LIB.
2361 254 2432 303 ΙΙ.

326 415 441 499 qui
470 415 924 481 Veientanum
961 416 1155 480 festis
1188 426 1418 498 potare
1449 416 1687 480 diebus

329 519 671 602 Campana
702 519 938 583 solitus
969 520 1168 584 trulla
1196 540 1612 603 vappamque
1644 520 1978 602 profestiS,

325 626 662 708 quondam
693 624 996 706 lethargo
1028 624 1262 708 grandi
1295 634 1399 688 est
1433 644 1812 706 oppressuS,
1848 633 1923 688 ut
1956 625 2151 688 heres
2348 651 2430 699 145

326 729 456 792 iam
491 728 737 793 circum
771 728 1022 792 loculos
1055 738 1121 791 et
1156 727 1357 792 clavis
1388 727 1604 792 laetus
1638 748 1976 811 ovansque

328 843 635 898 curreret.
735 833 939 897 Hunc
972 833 1269 896 medicus
1301 832 1585 896 multum
1621 832 1798 896 celer
1828 842 2028 914 atque
2058 831 2273 896 fidelis

326 937 569 1001 excitat
602 937 729 1001 hoc
761 946 956 1018 pacto
982 958 996 1000 ε
1043 956 1343 999 mensam
1383 936 1543 1018 poni
1575 936 1759 1000 iubet
1791 946 1993 1019 atque

326 1038 579 1105 effundi
611 1061 842 1105 saccos
875 1060 1316 1116 nummorum,
1351 1041 1668 1109 accedere
1699 1039 1908 1122 pluris

324 1147 407 1208 ad
440 1146 922 1217 numerandum
947 1164 963 1222 ;
994 1144 1334 1208 hominem
1361 1145 1458 1208 sic
1484 1144 1698 1227 erigit.
1771 1144 1987 1207 Addit
2013 1152 2080 1207 et
2106 1143 2285 1219 illud,
2345 1171 2429 1219 150

329 1257 345 1283 ‘
366 1249 455 1311 Ni
486 1260 603 1313 tua
635 1249 949 1341 custodis,
985 1249 1217 1312 avidus
1250 1248 1380 1311 iam
1415 1249 1579 1313 haec
1613 1245 1869 1312 auferet
1903 1247 2137 1312 heres)

328 1361 342 1387 ‘
365 1351 545 1416 Men’
573 1353 724 1416 vivo
746 1354 770 1416 ?
791 1352 805 1377 '
889 1361 904 1387 ‘
927 1353 1025 1417 Ut
1057 1352 1260 1429 vivaS‚
1297 1352 1515 1436 igitur,
1551 1352 1768 1436 vigila,
1804 1352 1930 1416 hoc
1962 1351 2122 1434 age.'
2206 1359 2222 1385 ‘
2244 1352 2424 1435 Quid

495 1457 598 1520 vis
622 1457 644 1519 ?
666 1455 680 1480 '

327 1567 343 1595 ‘
364 1560 701 1624 Deficient
734 1560 999 1642 inopem
1032 1578 1244 1624 venae
1274 1569 1362 1635 te,
1397 1560 1469 1623 ni
1501 1560 1689 1624 cibus
1723 1569 1924 1642 atque

322 1664 561 1747 ingens
593 1664 849 1728 accedit
883 1664 1226 1728 stomacho
1257 1663 1511 1728 fultura
1539 1664 1777 1728 ruenti.

320 1769 430 1831 Tu
462 1768 732 1832 cessas?
799 1767 1138 1851 Agedum,
1166 1788 1356 1832 sume
1380 1769 1508 1833 hoc
1532 1752 1968 1850 ptisanarium
1994 1768 2267 1853 oryzae.’
2343 1795 2424 1842 155

327 1880 341 1906 ‘
363 1872 618 1955 Quanti
650 1881 914 1954 emptae
940 1870 999 1934 ?’
1097 1879 1113 1905 ‘
1134 1871 1382 1937 Parvo.'
1483 1879 1499 1907 ‘
1520 1871 1792 1955 Quanti,
1827 1891 1986 1955 ergo
2008 1872 2031 1935 ?
2052 1870 2067 1894 '
2150 1879 2165 1906 ‘
2187 1871 2426 1947 Octus-

497 1974 721 2041 sibuS.’
817 1981 834 2011 ‘
854 1976 1088 2040 Eheu!

322 2079 479 2163 quid
511 2079 735 2157 refert,
769 2081 1001 2143 morbo
1033 2100 1118 2143 an
1149 2078 1348 2144 furtis
1381 2100 1783 2163 pereamque
1814 2079 2069 2162 rapinis
2092 2080 2115 2142 ?
2138 2078 2176 2160 ’-

412 2255 739 2338 Quisnam
787 2255 991 2338 igitur
1021 2256 1274 2319 sanus?
1367 2255 1504 2339 Qui
1535 2276 1670 2320 non
1705 2255 1970 2322 stultuS.
2068 2254 2248 2338 Quid
2280 2275 2425 2318 ava-

495 2378 610 2421 rus
633 2359 656 2421 ?
1523 2399 1586 2416 *a

324 2459 587 2527 Stultus
619 2472 687 2526 et
719 2462 1012 2527 insanuS.
1110 2463 1309 2547 Quid,
1347 2463 1403 2527 si
1437 2463 1589 2546 quis,
1617 2484 1751 2527 non
1784 2463 1871 2527 sit
1904 2482 2158 2538 avaruS‚

322 2566 640 2630 continuo
673 2567 922 2630 sanus?
1013 2566 1311 2631 Minime.
1409 2568 1565 2643 Cur,
1605 2567 1879 2631 Stoice?
1972 2567 2228 2631 Dicam.
2342 2583 2426 2627 160

393 2715 500 2765 143.
533 2703 933 2762 Veientanum,
949 2718 980 2751 a
997 2703 1157 2766 cheap
1173 2703 1319 2753 wine.

393 2781 500 2829 144.
525 2769 833 2832 Campana,
849 2784 1082 2817 common
1097 2769 1321 2817 earthen-

320 2849 467 2882 ware.
535 2834 611 2882 Cf.
636 2835 676 2882 I.
703 2833 749 2883 6.
780 2833 888 2882 118.

393 2910 500 2964 145.
536 2899 718 2959 heres,
754 2907 880 2948 etc.:
931 2900 1010 2949 τῖε.
1056 2900 1322 2964 expecting

1422 2710 1724 2832 {3335323
1747 2704 2197 2832 Phffssffssfiisspssss,
2226 2702 2423 2830 {ssd-1²52

1422 2836 1620 2894 “Who,
1661 2835 1798 2894 then,
1833 2835 1878 2883 is
1922 2835 2121 2883 sane?''
2156 2834 2247 2883 but
2280 2834 2346 2883 he
2380 2835 2424 2882 is

1421 2901 1573 2963 really
1600 2901 1848 2965 speaking
1880 2900 2094 2959 himself,
2119 2900 2221 2949 and
2253 2900 2297 2948 is
2333 2907 2423 2948 not

323 2965 408 3014 the
430 2980 549 3014 man
573 2972 625 3013 to
650 2966 733 3014 die
757 2972 809 3014 at
831 2981 974 3015 once.

393 3030 500 3092 146.
534 3031 771 3091 loculos,
795 3033 980 3097 cqffers.

393 3095 500 3159 148.
536 3098 646 3146 hoc
687 3106 882 3162 pacto:
928 3099 987 3146 in
1023 3098 1100 3146 the
1120 3098 1320 3163 fhllow·

323 3164 382 3212 in
449 3178 691 3223 manner,
726 3165 805 3213 i.e.
839 3163 906 3227 by
938 3179 1112 3212 means
1146 3164 1205 3213 of
1241 3164 1321 3213 his

321 3245 346 3279 r
398 3229 488 3292 ing
509 3230 729 3294 passion.

393 3307 500 3360 150.
536 3297 608 3345 ad
630 3297 1072 3346 numerandum:
1113 3311 1168 3344 as
1195 3295 1241 3343 if
1269 3303 1321 3345 to

322 3362 490 3411 divide
525 3362 611 3410 the
644 3369 815 3422 estate,
851 3361 1173 3424 considering
1215 3361 1323 3410 him

322 3428 523 3492 already
546 3429 691 3477 dead.

392 3506 500 3560 152.
536 3495 647 3544 hoc
670 3508 793 3557 age,
817 3494 924 3542 look
946 3494 1082 3543 alive
1105 3510 1233 3543 now.

394 3572 501 3625 157.
536 3561 698 3610 furtis
717 3574 1057 3625 pereamque
1074 3560 1318 3624 rapinis:

325 3624 403 3674 2'.e.
427 3626 512 3674 the
535 3626 852 3689 enormously
881 3627 1148 3690 expensive
1182 3627 1321 3675 med·

323 3690 454 3739 icine
476 3692 707 3755 required
731 3699 782 3741 to
806 3708 921 3740 cure
942 3692 1064 3740 him.

395 3755 500 3821 158.
542 3757 811 3820 quisnam
858 3771 1066 3809 sanus:
1117 3757 1321 3808 Horace

1422 2966 1608 3015 careful
1631 2966 1690 3015 of
1712 2966 1797 3015 the
1821 2967 2062 3015 dramatic
2085 2965 2228 3014 form.
2244 2965 2424 3028 —qui

1421 3047 1539 3082 non
1564 3033 1803 3082 stultus:
1843 3033 1928 3081 the
1951 3032 2147 3081 natural
2176 3032 2313 3081 Stoic
2337 3047 2423 3080 an·

1421 3114 1560 3157 swer,
1579 3099 1656 3147 for
1678 3099 1952 3161 according
1974 3106 2026 3147 to
2051 3098 2158 3147 that
2181 3097 2425 3154 doctrine,

1422 3164 1509 3212 the
1530 3165 1733 3227 sapiens
1756 3165 1798 3213 is
1821 3165 1907 3213 the
1930 3165 2048 3227 only
2071 3164 2260 3228 perfect
2289 3179 2424 3222 man,

1423 3231 1524 3279 and
1558 3229 1626 3278 all
1670 3230 1838 3279 others
1882 3246 1967 3280 are
2011 3231 2145 3279 alike
2184 3231 2343 3279 stulti.
2357 3255 2425 3265 —

1423 3296 1562 3359 quid
1596 3310 1803 3346 avarus
1836 3295 1926 3361 (sc.
1962 3295 2111 3360 est)=
2149 3311 2180 3345 a
2213 3296 2424 3360 recapit-

1424 3361 1615 3411 ulation
1650 3362 1709 3411 of
1738 3363 1823 3411 the
1845 3362 2120 3427 preceding
2141 3362 2424 3426 exposition

1424 3428 1477 3476 in
1511 3444 1542 3476 a
1575 3428 1754 3477 formal
1798 3429 1971 3493 shape,
2006 3435 2059 3477 to
2104 3443 2315 3492 prepare
2348 3428 2428 3476 for

1423 3493 1510 3542 the
1533 3501 1647 3543 turn
1669 3495 1723 3543 in
1747 3495 1800 3544 si
1829 3496 1960 3558 quis
1995 3508 2129 3555 non,
2154 3501 2249 3543 etc.
2314 3493 2427 3542 The

1421 3559 1586 3609 whole
1631 3560 1691 3609 of
1736 3561 1835 3610 this
1881 3560 2160 3610 discussion
2215 3560 2271 3608 in
2327 3559 2427 3608 dis-

1418 3625 1615 3689 jointed
1660 3627 1916 3691 questions
1958 3626 2003 3675 is
2046 3626 2102 3675 in
2147 3626 2233 3702 the
2290 3625 2427 3675 Stoic

1424 3691 1549 3755 style
1572 3692 1631 3741 of
1647 3699 1921 3755 argument.

1495 3757 1603 3807 160.
1638 3758 1927 3817 continue,
1951 3764 2009 3807 at
2028 3773 2146 3808 once
2157 3773 2181 3817 ,·
2208 3758 2284 3808 τῖε.
2305 3757 2429 3805 does
