2800 4350
360 395 460 449 278

1051 395 1324 447 HORATI
1344 401 1349 412 '
1372 392 1771 446 EPISTVLAE.

2221 390 2363 459 [Lm.
2390 394 2465 444 ΙΙ.

364 562 685 645 exprimet
720 571 787 626 et
820 561 1036 626 mollis
1069 559 1441 626 imitabitur
1469 579 1622 626 aere
1655 558 1946 644 capillos,

364 667 593 731 infelix
623 667 841 750 operis
875 687 1150 742 summa,
1185 666 1339 750 quia
1369 686 1620 749 ponere
1651 674 1869 729 totum

364 772 637 837 nesciet.

735 772 941 835 Hunc
973 792 1099 854 ego
1131 792 1256 847 me,
1292 770 1346 834 si
1379 770 1538 854 quid
1570 790 1969 853 componere
2002 789 2245 844 curem,
2407 793 2468 841 35

365 898 497 940 non
532 876 745 960 magis
777 896 927 940 esse
958 876 1177 951 velim,
1212 896 1409 958 quam
1442 896 1645 958 pravo
1674 875 1899 939 vivere
1932 895 2112 950 nam,

366 981 801 1063 spectandum
835 979 1044 1063 nigris
1078 979 1287 1045 oculis
1321 979 1643 1063 nigroque
1676 980 1929 1062 capillo,

455 1084 716 1150 Sumite
749 1084 1091 1148 materiam
1124 1084 1385 1160 vestris,
1422 1085 1535 1168 qui
1569 1084 1874 1160 scribitiS‚
1910 1104 2186 1167 aequam

365 1189 635 1265 viribus,
671 1197 738 1253 et
770 1199 1032 1253 versate
1064 1189 1177 1253 diu
1211 1188 1370 1273 quid
1400 1189 1575 1253 ferre
1607 1198 1935 1264 recusent,

367 1293 525 1377 quid
554 1292 817 1357 valeant
850 1293 1063 1357 umeri
1089 1316 1102 1357 :
1149 1294 1256 1358 cui
1286 1292 1464 1358 lecta
1492 1303 1805 1376 potenter
1835 1293 1959 1356 erit
1992 1312 2117 1368 reS,
2411 1318 2474 1364 40

368 1418 494 1461 nec
524 1397 837 1461 facundia
866 1398 1129 1462 deseret
1162 1398 1340 1462 hunc
1373 1418 1499 1462 nec
1531 1397 1791 1461 lucidus
1824 1398 1999 1460 ordo.
2077 1443 2078 1446 ,

370 1502 644 1567 Ordinis
675 1503 840 1566 haec
871 1503 1082 1565 virtus
1113 1503 1238 1568 erit
1272 1510 1339 1567 et
1370 1522 1602 1578 venuS,
1636 1510 1749 1564 aut
1782 1522 1908 1584 ego
1938 1501 2146 1576 fallor,
2196 1484 2200 1487 ’

369 1616 441 1669 ut
475 1606 605 1669 iam
639 1628 816 1671 nunc
849 1607 1024 1670 dicat
1059 1607 1188 1670 iam
1221 1628 1400 1671 nunc
1434 1606 1749 1671 debentia
1780 1605 1930 1681 dici,

370 1711 683 1793 pleraque
717 1711 985 1775 differat
1017 1720 1083 1775 et
1116 1731 1433 1793 praesens
1466 1710 1535 1774 in
1567 1699 1833 1792 tempus
1865 1709 2149 1785 omittat,

372 1815 498 1879 hoc
529 1824 733 1890 amet,
764 1815 892 1879 hoc
925 1825 1195 1897 spernat
1229 1815 1540 1898 promissi
1574 1814 1885 1878 carminis
1916 1823 2166 1878 auctor.
2413 1839 2472 1887 45

462 1920 543 1982 In
575 1919 794 1983 verbis
828 1919 1027 1982 etiam
1060 1919 1283 1983 tenuis
1316 1928 1684 2002 cautusque
1716 1918 2016 1982 serendis

372 2023 615 2087 dixeris
648 2024 931 2107 egregie,
968 2033 1200 2088 notum
1235 2024 1292 2087 si
1324 2022 1560 2087 callida
1587 2023 1865 2087 verbum

442 2211 518 2262 34.
556 2211 794 2263 ponere:
851 2199 1142 2262 apparently
1182 2198 1372 2248 techni-

375 2265 468 2314 cal.
525 2263 602 2313 Cf.
630 2264 718 2312 Od.
739 2264 825 2313 IV.
846 2263 892 2312 8.
913 2263 960 2322 8,
978 2265 1080 2313 and
1104 2264 1188 2313 the
1206 2264 1373 2313 Greek

376 2330 758 2389 tordvm‚drawn
771 2328 898 2378 from
913 2330 996 2378 the
1011 2331 1270 2395 sculptor’s
1282 2338 1372 2380 art.

442 2410 520 2461 35.
558 2397 730 2455 hunc,
758 2403 880 2445 etc.:
920 2396 984 2446 cf.
1010 2413 1074 2446 ne
1087 2399 1266 2463 fueris
1293 2399 1376 2446 hic

374 2471 447 2523 tu,
474 2464 515 2511 I.
544 2462 592 2510 6.
615 2474 696 2522 40.

443 2542 520 2593 37.
558 2529 952 2592 spectandum,
987 2535 1110 2578 etc.:
1151 2530 1230 2579 i.e.
1253 2530 1375 2578 with

375 2611 513 2645 some
541 2595 783 2653 beautieS‚
806 2597 1016 2655 matred,
1040 2595 1287 2655 however,
1310 2596 1376 2658 by

376 2662 587 2725 flagrant
611 2660 815 2710 defects.

443 2727 522 2790 38.
558 2727 788 2786 sumite,
842 2734 936 2776 etc.
964 2745 976 2776 ε
1047 2727 1133 2776 the
1188 2728 1375 2777 second

376 2810 558 2854 canon,
582 2801 634 2842 to
660 2793 845 2842 choose
869 2810 899 2842 a
921 2793 1133 2842 suitable
1166 2792 1373 2856 subject.

375 2861 498 2908 This
522 2860 738 2909 division
764 2859 951 2922 loosely
970 2860 1300 2923 corresponds
1324 2865 1375 2907 to

377 2927 462 2976 the
485 2926 751 2975 rhetorical
778 2926 1023 2972 inventio.

386 3014 391 3019 ·
443 3006 522 3054 40.
574 2999 857 3057 potenter:
921 2989 1215 3054 apparently
1267 2988 1375 3053 (ac-

379 3059 590 3122 cording
633 3066 686 3107 to
740 3072 865 3120 your
909 3054 1373 3119 powers).—res:

379 3124 443 3174 cf.
502 3141 608 3174 rem
681 3131 806 3184 tene,
864 3122 1015 3170 verba
1085 3129 1376 3186 sequentur,

377 3191 520 3242 Cato.

442 3272 522 3321 4¹·
559 3257 850 3309 facundia:
899 3270 1069 3320 power
1096 3255 1156 3304 of
1184 3270 1245 3304 ex
1280 3271 1378 3304 res·

378 3326 513 3384 sion;
557 3323 870 3386 technically,
896 3323 1102 3371 elocutio
1129 3321 1196 3386 (φ
1291 3321 1377 3386 ις).

378 3391 456 3441 Cf.
506 3393 711 3440 elocutio
755 3398 825 3439 est
870 3389 1165 3438 idoneorum
1214 3389 1378 3438 verbo-

379 3474 499 3507 rum
540 3465 588 3506 et
613 3459 984 3506 sententiarum
1024 3456 1100 3504 ad
1129 3458 1378 3505 inventio-

380 3541 492 3586 nem
530 3524 928 3583 accommodatio,
953 3523 1058 3571 Cic.
1089 3523 1149 3571 de
1182 3524 1300 3572 Inv.
1337 3523 1377 3571 I.

382 3603 423 3655 7.
471 3604 518 3653 9.
537 3592 774 3650 —ordo,
827 3596 1208 3655 arrangement.
1299 3589 1376 3638 Cf.

378 3657 634 3720 dispositio
658 3664 728 3705 est
749 3673 926 3704 rerum
954 3658 1290 3705 inventarum
1318 3657 1377 3704 in

378 3723 611 3771 ordinem
637 3722 942 3780 distributio,
966 3722 1090 3771 ibid.

442 3799 523 3846 42.
559 3787 790 3845 ordinis,
826 3794 950 3835 etc.:
1011 3787 1098 3836 the
1132 3786 1376 3836 excellen-

378 3865 463 3897 ces
497 3849 556 3898 of
589 3858 941 3912 arrangement
979 3868 1065 3901 are
1103 3868 1160 3900 so
1199 3852 1378 3916 simple

380 3914 486 3960 that
529 3915 733 3962 Horace
771 3916 1021 3965 dismisses
1062 3917 1149 3966 the
1187 3917 1378 3980 subject

378 3977 498 4025 with
521 3991 552 4026 a
574 3977 671 4026 few
692 3979 872 4029 words.

1539 2209 1620 2264 45.
1657 2198 1767 2248 hoc
1801 2205 1969 2257 amet,
2005 2204 2127 2246 etc.t
2179 2196 2258 2246 i.e.
2293 2204 2344 2246 at
2377 2212 2474 2261 any

1474 2263 1625 2327 given
1650 2265 1784 2324 time,
1809 2265 1932 2313 each
1958 2264 2010 2312 in
2035 2264 2097 2312 its
2119 2270 2247 2313 turn.

1539 2330 1621 2392 46.
1656 2331 1715 2379 in
1739 2331 1942 2389 verme,
1979 2337 2101 2379 etc.:
2146 2345 2176 2378 a
2199 2329 2473 2378 discussion

1476 2396 1535 2445 of
1562 2397 1648 2445 the
1670 2397 1891 2446 elocutio.
1966 2396 2042 2445 Cf.
2067 2403 2283 2444 ornatus
2305 2402 2474 2444 autem

1476 2463 1744 2511 verborum
1770 2462 1975 2526 duplex,
2003 2477 2141 2510 unus
2162 2462 2474 2525 simplicium

1476 2530 1609 2577 alter
1663 2530 2049 2588 conlocatorum,
2104 2527 2206 2576 Cic.
2273 2528 2478 2587 Orator,

1479 2608 1555 2656 24.
1604 2595 1683 2644 80.
1707 2620 1775 2630 —
1798 2595 2004 2653 tenuis,
2050 2594 2242 2657 simple,
2290 2609 2345 2642 as
2392 2609 2479 2657 op·

1476 2662 1636 2725 posed
1669 2667 1722 2710 to
1757 2677 1788 2709 a
1821 2660 1967 2709 florid
2001 2660 2103 2709 and
2137 2659 2301 2722 turgid
2336 2660 2476 2722 style.

1477 2727 1553 2776 Cf.
1574 2743 1633 2775 ac
1646 2728 1886 2791 primum
1913 2726 2283 2792 informandus
2302 2733 2372 2774 est
2393 2726 2478 2774 ille

1480 2794 1619 2842 nobis
1655 2808 1800 2856 quem
1840 2793 2000 2841 solum
2040 2793 2255 2857 quidam
2296 2798 2482 2841 vocant

1479 2860 1705 2908 Atticum
1721 2876 1745 2914 ,·
1773 2860 2072 2908 summissus
2094 2865 2164 2908 est
2182 2866 2230 2907 et
2246 2859 2480 2919 humilis,

1479 2924 1888 2973 consuetudinem
1938 2926 2170 2985 imitans,
2218 2925 2283 2973 ab
2339 2925 2479 2973 indi·

1478 2993 1625 3039 sertis
1658 3007 1715 3038 re
1738 2991 1861 3054 plus
1883 3007 2040 3054 quam
2073 2993 2313 3055 opinione
2340 2991 2479 3057 dff-

1481 3073 1600 3105 rens
1622 3056 1753 3121 (Cic.
1781 3057 1985 3115 Orator,
2011 3069 2088 3120 23.
2109 3057 2226 3122 75);
2259 3072 2372 3121 ergo
2394 3058 2481 3106 ille

1480 3125 1649 3172 tenuis
1667 3121 1893 3186 [orator]
1917 3124 2056 3171 modo
2074 3126 2144 3172 sit
2158 3124 2369 3187 elegans,
2385 3130 2477 3171 etc.

1486 3189 1633 3253 (ibid.
1671 3202 1748 3250 24.
1786 3187 1897 3252 81).
1969 3190 2036 3238 So
2073 3189 2259 3239 far-ther
2295 3205 2363 3238 on
2397 3189 2481 3237 hic

1480 3256 1677 3304 subtilis
1692 3272 1714 3310 ,·
1745 3256 1829 3303 hic
1846 3262 2026 3304 acutus
2039 3273 2062 3312 ,·
2084 3257 2205 3305 Ιιαει·
2219 3257 2447 3304 tenuitas
2455 3271 2479 3311 ,·

1480 3323 1779 3371 summissus
1801 3328 1990 3382 orator,
2007 3338 2160 3386 magn
2167 3339 2226 3371 us
2246 3330 2420 3371 tamen
2437 3327 2485 3369 et

1473 3404 1759 3453 germanus
1777 3389 1989 3437 Atticus.
2041 3389 2163 3437 This
2186 3389 2311 3453 style
2330 3390 2374 3437 is
2397 3404 2482 3452 op-

1480 3457 1636 3519 posed
1654 3462 1707 3504 to
1727 3455 1873 3504 uberi
1874 3472 1934 3504 us
1950 3456 2107 3505 aliud
2114 3456 2483 3519 aliquantoque

1482 3522 1735 3570 robustius
1752 3538 1908 3586 quam
1924 3523 2013 3571 hoc
2024 3522 2252 3578 huntile:
2271 3522 2372 3570 and
2388 3528 2482 3570 ter·

1480 3590 1585 3637 tius
1608 3589 1693 3637 ille
1713 3589 1913 3653 amplus
1949 3590 2178 3653 copiosus
2184 3587 2368 3653 gravis
2400 3602 2479 3635 or-

1482 3662 1637 3704 natus
1665 3656 1725 3703 in
1754 3672 1852 3719 quo
1877 3657 2098 3722 profecto
2130 3656 2211 3703 vis
2243 3654 2479 3702 maxima

1480 3728 1550 3770 est
1572 3704 1721 3785 (ibid.
1749 3720 1826 3770 28.
1852 3705 1964 3785 97).
2031 3720 2141 3770 Τὴε
2172 3719 2335 3769 whole
2368 3733 2479 3783 pas·

1479 3801 1598 3848 sage
1617 3787 1659 3834 is
1681 3788 1851 3849 nearly
1868 3786 2075 3850 parallel
2092 3786 2213 3836 with
2237 3786 2482 3834 Horace's

1481 3867 1683 3901 canons.
1699 3879 1764 3888 —
1780 3852 2065 3901 serendis:
2104 3851 2167 3901 cf.
2192 3865 2396 3901 sermo.

1544 3930 1626 3981 47.
1661 3917 1863 3968 callida
1902 3919 2190 3967 iunctura:
2246 3933 2277 3966 a
2316 3917 2484 3965 elever

1478 3982 1823 4034 combination
1873 3983 1940 4049 by
1981 3982 2148 4033 which
2192 3997 2224 4034 a
2268 3980 2484 4034 familiar
